@article{andacalzadaortiz2022,
  author = {J. de Anda-Suárez and V. Calzada-Ledesma and L. Ortiz-Aguilar},
  title = {Metaheuristic–boltzmannian optimization model: A new methodology for convergence using the jensen–shannon metric in continuous optimization problems},
  journal = {Swarm and Evolutionary Computation},
  volume = {75},
  pages = {101193},
  year = {2022},
  issn = {2210-6502},
  doi = {10.1016/j.swevo.2022.101193}
}

